@InProceedings{PosterPoc2,
author = {M. Mass M. Roberti G. Longinotti D. Ricalde J. Marinoni A. Medrano G. Giménez L. Fraigi C. Moina F. Mazzella D. Díaz A. Chobandindegui G. Ybarra L. Monsalve},
title = {Industrial Scale Production of Disposable Cartridges for Biosensor Platform},
booktitle = {Smart System Integration - Internationational Conference and Exhibition},
year = {2016},
month = {April}
}
@Book{PallasAreny,
author = {Ramón Pallas Areny},
title = {Sensores y acondicionadores de señal},
publisher = {Marcombo},
year = {2003},
edition = {4}
}
@InBook{Hector1,
author = {Ing. Héctor Polenta},
title = {Introducción a sensores, incerteza y expresión de resultados},
chapter = {1},
publisher = {Ing. Héctor Polenta},
year = {2016},
pages = {2},
note = {Clases teóricas de asignatura "Sensores, acondicionamiento de señales y adquisicion de datos"}
}
@Book{Eggins,
author = {Brian R. Eggins},
title = {Chemical Sensors and Biosensors},
publisher = {John Wiley and Sons Ltd.},
year = {2002},
edition = {1}
}
@InBook{Lili1,
author = {Dra. Liliana Fraigi},
title = {Biosensores},
chapter = {1},
publisher = {Dra. Liliana Fraigi},
year = {2019},
pages = {2},
note = {Clase teórica sobre biosensores}
}
@Manual{DimatixUM,
title = {Dimatix Materials Printer DMP-2800 Series User Manual},
organization = {Fujifilm Dimatix},
edition = {4},
month = {Enero},
year = {2010}
}
@TechReport{DrycureAu,
author = {C-INK Co. Ltd.},
title = {Drycure Au-JB 1010B},
institution = {C-INK Co. Ltd.},
year = {2017},
type = {Data Sheet}
}
@TechReport{PriElexSU8,
author = {MicroChem},
title = {XP PriElex SU-8},
institution = {MicroChem},
year = {2007},
type = {Process Guidelines},
note = {Rev. 3}
}
@TechReport{Valox,
author = {Sabic},
title = {Valox FR1 Film},
institution = {Sabic Innovative Plastics},
year = {2008},
type = {Product Datasheet}
}
@PhdThesis{TesisGG,
author = {Gustavo Giménez},
title = {Fabricación y caracterización de arreglos de electrodos recubiertos con películas delgadas mesoporosas de óxido de silicio y óxidos mixtos de silicio y circonio},
school = {Universidad de Buenos Aires},
year = {2018}
}
@Misc{Inkscape,
author = {Software Libre},
title = {InkScape},
howpublished = {\url{www.inkscape.org}},
year = {2019},
note = {version 0.92.4}
}
@Book{Resistividad,
author = {David R. Lide},
title = {Handbook of Chemistry and Physics},
publisher = {CRC Press Inc.},
year = {2009},
edition = {90},
note = {p. 2804}
}
@TechReport{caracdimen,
author = {Depto. de Prototipado Microelectrónico y Electrónica Impresa},
title = {Caracterización de espesor y rugosidad},
institution = {Centro de Micro y Nanoelectrónica del Bicentenario. Instituto Nacional de Tecnología Industrial},
year = {2019}
}
@TechReport{UPenn,
author = {University of Pennsylvania},
title = {Dimatix Standard Operating Procedure},
institution = {University of Pennsylvania},
year = {2014}
}
@TechReport{UMic,
author = {Pilar Herrera-Fierro},
title = {Dimatix DMP-2831 Inkjet Printer Standard Operating Procedure},
institution = {Lurie Nanofabrication Facility - University of Michigan},
year = {2016}
}
@Book{Banica,
author = {Florinel-Gabriel Banica},
title = {Chemical Sensors and Biosensors: Fundamentals and Applications},
publisher = {John Wiley and Sons Ltd.},
year = {2012},
edition = {1}
}
@Book{Prudenziati,
author = {Maria Prudenziati},
title = {Printed Films: Material science and applications in sensors, electronics and photonics},
publisher = {John Wiley and Sons Ltd.},
year = {2002},
edition = {1}
}
@Article{Voros,
author = {Dorothee Grieshaber, Robert MacKenzie, Janos Voros and Erik Reimhult},
title = {Electrochemical Biosensors - Sensor Principles and Architectures},
journal = {Sensors},
year = {2008},
volume = {8},
pages = {1400-1458},
month = {March}
}
@Article{Poc,
author = {M. Cortina L. J. Melli M. Roberti M. Mass G. Longinotti S. Tropea P. Lloret D. Rey Serantes F. Salomón M. Lloret A. Caillava S. Restuccia J. Altcheh C. Buscaglia L. Malatto J. Ugalde L. Fraigi C. Moina G. Ybarra A. Ciocchini D. Comerci},
title = {Electrochemical Magnetic Microbeads-based Biosensor for Point-of-Care Serodiagnosis of Infectious Diseases},
journal = {Biosensors and Bioelectronic},
year = {2016},
OPTmonth = {January}
}
@InProceedings{PosterPoc1,
author = {M. Mass M. Roberti F. Salomón S. Tropea M. Lloret D. Brengi L. Malatto L. Fraigi},
title = {Development of a point-of-care platform for diagnosis of infectious diseases},
booktitle = {Smart System Integration - Internationational Conference and Exhibition},
year = {2016},
month = {March}
}
@TechReport{DMPDatasheet,
author = {Fujifilm Dimatix},
title = {Dimatix Material Printer DMP-2850 Datasheet},
institution = {Fujifilm Dimatix},
year = {2015}
}
@Article{AgParticlesDimatix1,
author = {Amal Abbas, Inayat Bajwa},
title = {Inkjet Printing of Ag Nanoparticles using Dimatix Inkjet Printer, No 1},
journal = {University of Pennsylvania},
year = {2017},
month = {January}
}
@Article{AgParticlesDimatix2,
author = {Ming Yuan Chuang},
title = {Inkjet Printing of Ag Nanoparticles using Dimatix Inkjet Printer, No 2},
journal = {University of Pennsylvania},
year = {2017},
month = {May}
}